@article{Czarnecki:Staged,
    author = "Krzysztof Czarnecki and Simon Helsen and Ulrich Eisenecker",
    title = "Staged Configuration Through Specialization and Multi-Level Configuration of Feature Models",
    journal = "Software Process: Improvement and Practice",
    volume = 10,
    issue = 2,
    month = apr # "/" # jun,
    year = "2005",
    pages = "143--169",
}

% zdroj na webe
@misc{pdf-factsheet,
	author = "United Nations High Commissioner for Refugees (UNHCR)",
	title = "Factsheet 4: Types of Misinformation and Disinformation",
	howpublished = "\url{https://www.unhcr.org/innovation/wp-content/uploads/2022/02/Factsheet-4.pdf}",
}